<?xml version="1.0" encoding="UTF-8"?>
  <record xmlns="http://www.loc.gov/MARC21/slim" type="Authority">
    <leader>00000nz  a2200000nc 4500</leader>
    <controlfield tag="001">120125811</controlfield>
    <controlfield tag="003">DE-101</controlfield>
    <controlfield tag="005">20210319155039.0</controlfield>
    <controlfield tag="008">980423n||azznnaabn           | aaa    |c</controlfield>
    <datafield tag="024" ind1="7" ind2=" ">
      <subfield code="a">120125811</subfield>
      <subfield code="0">http://d-nb.info/gnd/120125811</subfield>
      <subfield code="2">gnd</subfield>
    </datafield>
    <datafield tag="035" ind1=" " ind2=" ">
      <subfield code="a">(DE-101)120125811</subfield>
    </datafield>
    <datafield tag="035" ind1=" " ind2=" ">
      <subfield code="a">(DE-588)120125811</subfield>
    </datafield>
    <datafield tag="035" ind1=" " ind2=" ">
      <subfield code="z">(DE-588a)120125811</subfield>
      <subfield code="9">v:zg</subfield>
    </datafield>
    <datafield tag="035" ind1=" " ind2=" ">
      <subfield code="z">(DE-588c)4499957-4</subfield>
      <subfield code="9">v:zg</subfield>
    </datafield>
    <datafield tag="040" ind1=" " ind2=" ">
      <subfield code="a">AT-OBV</subfield>
      <subfield code="c">AT-OBV</subfield>
      <subfield code="9">r:AT-OBV</subfield>
      <subfield code="b">ger</subfield>
      <subfield code="d">0023</subfield>
    </datafield>
    <datafield tag="042" ind1=" " ind2=" ">
      <subfield code="a">gnd1</subfield>
    </datafield>
    <datafield tag="043" ind1=" " ind2=" ">
      <subfield code="c">XA-AT</subfield>
    </datafield>
    <datafield tag="065" ind1=" " ind2=" ">
      <subfield code="a">16.5p</subfield>
      <subfield code="2">sswd</subfield>
    </datafield>
    <datafield tag="075" ind1=" " ind2=" ">
      <subfield code="b">p</subfield>
      <subfield code="2">gndgen</subfield>
    </datafield>
    <datafield tag="075" ind1=" " ind2=" ">
      <subfield code="b">piz</subfield>
      <subfield code="2">gndspec</subfield>
    </datafield>
    <datafield tag="079" ind1=" " ind2=" ">
      <subfield code="a">g</subfield>
      <subfield code="q">s</subfield>
      <subfield code="q">z</subfield>
      <subfield code="q">f</subfield>
      <subfield code="u">w</subfield>
      <subfield code="u">k</subfield>
    </datafield>
    <datafield tag="100" ind1="1" ind2=" ">
      <subfield code="a">Liechtenstein, Gundacker &#152;von&#156;</subfield>
      <subfield code="d">1580-1658</subfield>
    </datafield>
    <datafield tag="375" ind1=" " ind2=" ">
      <subfield code="a">1</subfield>
      <subfield code="2">iso5218</subfield>
    </datafield>
    <datafield tag="400" ind1="1" ind2=" ">
      <subfield code="a">Liechtenstein, Gundakar &#152;von&#156;</subfield>
      <subfield code="d">1580-1658</subfield>
    </datafield>
    <datafield tag="400" ind1="1" ind2=" ">
      <subfield code="a">Liechtenstein, Gundackar &#152;von und zu&#156;</subfield>
      <subfield code="d">1580-1658</subfield>
    </datafield>
    <datafield tag="400" ind1="1" ind2=" ">
      <subfield code="a">Liechtenstein, Gundaker &#152;von&#156;</subfield>
      <subfield code="d">1580-1658</subfield>
    </datafield>
    <datafield tag="400" ind1="1" ind2=" ">
      <subfield code="a">Liechtenstein, Gundacker &#152;von und zu&#156;</subfield>
      <subfield code="d">1580-1658</subfield>
    </datafield>
    <datafield tag="400" ind1="1" ind2=" ">
      <subfield code="a">Liechtenstain, Gundagger</subfield>
      <subfield code="c">Fürst von</subfield>
      <subfield code="d">1580-1658</subfield>
    </datafield>
    <datafield tag="400" ind1="1" ind2=" ">
      <subfield code="a">Liechtenstein, Gundagger</subfield>
      <subfield code="c">Fürst von</subfield>
      <subfield code="d">1580-1658</subfield>
    </datafield>
    <datafield tag="400" ind1="1" ind2=" ">
      <subfield code="a">Liechtenstain, Gundagger &#152;von&#156;</subfield>
      <subfield code="d">1580-1658</subfield>
    </datafield>
    <datafield tag="400" ind1="1" ind2=" ">
      <subfield code="a">Liechtenstein, Gundagger &#152;von&#156;</subfield>
      <subfield code="d">1580-1658</subfield>
    </datafield>
    <datafield tag="400" ind1="0" ind2=" ">
      <subfield code="a">Gundacker</subfield>
      <subfield code="c">Troppau, Herzog</subfield>
      <subfield code="d">1580-1658</subfield>
    </datafield>
    <datafield tag="400" ind1="0" ind2=" ">
      <subfield code="a">Gundagger</subfield>
      <subfield code="c">Troppau, Herzog</subfield>
      <subfield code="d">1580-1658</subfield>
    </datafield>
    <datafield tag="400" ind1="0" ind2=" ">
      <subfield code="a">Gundacker</subfield>
      <subfield code="c">Schlesien in Troppau, Herzog</subfield>
      <subfield code="d">1580-1658</subfield>
    </datafield>
    <datafield tag="400" ind1="0" ind2=" ">
      <subfield code="a">Gundagger</subfield>
      <subfield code="c">Schlesien in Troppau, Herzog</subfield>
      <subfield code="d">1580-1658</subfield>
    </datafield>
    <datafield tag="400" ind1="0" ind2=" ">
      <subfield code="a">Gundacker</subfield>
      <subfield code="c">Schlesien in Troppau und Jägerndorf, Herzog</subfield>
      <subfield code="d">1580-1658</subfield>
    </datafield>
    <datafield tag="400" ind1="0" ind2=" ">
      <subfield code="a">Gundagger</subfield>
      <subfield code="c">Schlesien in Troppau und Jägerndorf, Herzog</subfield>
      <subfield code="d">1580-1658</subfield>
    </datafield>
    <datafield tag="548" ind1=" " ind2=" ">
      <subfield code="a">1580-1658</subfield>
      <subfield code="4">datl</subfield>
      <subfield code="4">https://d-nb.info/standards/elementset/gnd#dateOfBirthAndDeath</subfield>
      <subfield code="w">r</subfield>
      <subfield code="i">Lebensdaten</subfield>
    </datafield>
    <datafield tag="550" ind1=" " ind2=" ">
      <subfield code="0">(DE-101)040465179</subfield>
      <subfield code="0">(DE-588)4046517-2</subfield>
      <subfield code="0">https://d-nb.info/gnd/4046517-2</subfield>
      <subfield code="a">Politiker</subfield>
      <subfield code="4">berc</subfield>
      <subfield code="4">https://d-nb.info/standards/elementset/gnd#professionOrOccupation</subfield>
      <subfield code="w">r</subfield>
      <subfield code="i">Charakteristischer Beruf</subfield>
    </datafield>
    <datafield tag="667" ind1=" " ind2=" ">
      <subfield code="a">ADB, Rössler-Franz, LDG, Österr.-Lex., Wurzbach für 830</subfield>
    </datafield>
    <datafield tag="670" ind1=" " ind2=" ">
      <subfield code="a">LoC-NA</subfield>
    </datafield>
    <datafield tag="672" ind1=" " ind2="0">
      <subfield code="a">Winkelbauer, Thomas: Fürst und Fürstendiener : Gundaker von Liechtenstein, ein österreichischer Aristokrat des konfessionellen Zeitalters. -1999</subfield>
    </datafield>
    <datafield tag="678" ind1=" " ind2=" ">
      <subfield code="b">Fürst; Österr. Staatsmann, Obersthofmeister Kaiser Ferdinand II., bedeut. Kunstsammler u. Mäzen</subfield>
    </datafield>
    <datafield tag="678" ind1=" " ind2=" ">
      <subfield code="b">Staatsmann, Kunstsammler</subfield>
    </datafield>
    <datafield tag="913" ind1=" " ind2=" ">
      <subfield code="S">pnd</subfield>
      <subfield code="i">a</subfield>
      <subfield code="a">Liechtenstein, Gundacker /von</subfield>
      <subfield code="0">(DE-588a)120125811</subfield>
    </datafield>
  </record>
